<?xml version="1.0" encoding="UTF-8"?><collection xmlns="http://www.loc.gov/MARC21/slim"><record><leader>00677nam--2200193-u-4500</leader><controlfield tag="001">000055181</controlfield><controlfield tag="002">20161230</controlfield><controlfield tag="005">20161230201052</controlfield><controlfield tag="008">121112s1000------------r-----000-0-eng-d</controlfield><datafield ind1=" " ind2=" " tag="020"><subfield code="a">085498173X</subfield></datafield><datafield ind1=" " ind2=" " tag="040"><subfield code="a">IFIN-HH</subfield></datafield><datafield ind1=" " ind2=" " tag="080"><subfield code="a">621.38</subfield></datafield><datafield ind1="1" ind2=" " tag="100"><subfield code="a">Moore, D.F</subfield></datafield><datafield ind1="1" ind2="0" tag="245"><subfield code="a">Solid state devices 1986</subfield><subfield code="b">Twelve indited papers presented at the sixteen european solid state device research conference (essderc) held at the university of cambridge, 8-11 september 1986</subfield><subfield code="c">Moore, d.f. (ed.)</subfield></datafield><datafield ind1=" " ind2=" " tag="260"><subfield code="a">Bristol</subfield><subfield code="b">Institute Of Physics</subfield><subfield code="c">1987</subfield></datafield><datafield ind1=" " ind2=" " tag="300"><subfield code="a">201P</subfield></datafield><datafield ind1=" " ind2=" " tag="490"><subfield code="a">Institute Of Physics Conference Series</subfield><subfield code="v">Vol. 82</subfield></datafield><datafield ind1=" " ind2=" " tag="852"><subfield code="a">74710</subfield><subfield code="c">539.2</subfield></datafield><datafield ind1=" " ind2=" " tag="CAT"><subfield code="a">Sys</subfield><subfield code="c">20121112</subfield><subfield code="h">140453</subfield></datafield></record></collection>